% This file was created with JabRef 2.10b2.
% Encoding: 


@Book{1,
  Title                    = {Mobile Device Management},
  Author                   = {Heinrich Kersten, Gerhard Klett},
  Publisher                = {mitp},
  Year                     = {2012},

  ISBN                     = {978-3-8266-9214-7},
  Owner                    = {thorsten},
  Timestamp                = {2015.08.11}
}


